@ARTICLE{audiopak,
author={M. Hans and R. W. Schafer},
journal={IEEE Signal Processing Magazine},
title={Lossless compression of digital audio},
year={2001},
volume={18},
number={4},
pages={21-32},
keywords={audio coding;computational complexity;data compression;music;AudioPak;DVD audio;Internet;audio mixing;digital audio archiving;digital audio compression;lossless audio coders;lossless audio compression algorithms;low algorithmic complexity;music distribution;Audio coding;Audio compression;Audio recording;Compression algorithms;Internet;Multiple signal classification;Signal processing algorithms;Speech;Testing;Transform coding},
doi={10.1109/79.939834},
ISSN={1053-5888},
month={Jul},}

@ARTICLE{findcite,
author={Find Citation},
journal={Find Citation},
title={Find Citation}
}
